@techreport{Roofline,
    Author = {Williams, Samuel Webb and Waterman, Andrew and Patterson, David A.},
    Title = {Roofline: An Insightful Visual Performance Model for Floating-Point Programs and Multicore Architectures},
    Institution = {EECS Department, University of California, Berkeley},
    Year = {2008},
    Month = {Oct},
    URL = {http://www.eecs.berkeley.edu/Pubs/TechRpts/2008/EECS-2008-134.html},
    Number = {UCB/EECS-2008-134},
    Abstract = {We propose an easy-to-understand, visual performance model that offers insights to programmers and architects on improving parallel software and hardware for floating point computations.}
}

@book{ComSysProgPersp,
  title={Computer systems: a programmer's perspective},
  author={Bryant, R. and O'Hallaron, D.R.},
  isbn={9780136108047},
  lccn={2009053083},
  url={http://books.google.com/books?id=l0BfQgAACAAJ},
  year={2011},
  publisher={Prentice Hall}
}
